<record xmlns="http://www.loc.gov/MARC21/slim" xmlns:xsi="http://www.w3.org/2001/XMLSchema-instance" xsi:schemaLocation="http://www.loc.gov/MARC21/slim http://www.loc.gov/standards/marcxml/schema/MARC21slim.xsd">

  <leader>00777nam a2200193Ia 4500</leader>
  <datafield tag="999" ind1=" " ind2=" ">
    <subfield code="c">678</subfield>
    <subfield code="d">678</subfield>
  </datafield>
  <controlfield tag="008">170327b2009    cr ||||| |||| 00| | spa d</controlfield>
  <datafield tag="020" ind2=" " ind1=" ">
    <subfield code="a">9789968818971</subfield>
  </datafield>
  <datafield ind1=" " ind2=" " tag="090">
    <subfield code="a">06.03.06 </subfield>
    <subfield code="b">423</subfield>
  </datafield>
  <datafield ind1="1" ind2=" " tag="100">
    <subfield code="a">Carazo Vargas, Viviana</subfield>
    <subfield code="9">2637</subfield>
  </datafield>
  <datafield ind2="0" ind1="1" tag="245">
    <subfield code="a">Aprendizaje, coevolución neuroambiental / </subfield>
    <subfield code="c">Viviana Carazo Vargas, Luis Fernando López Molina</subfield>
  </datafield>
  <datafield ind2=" " ind1=" " tag="260">
    <subfield code="a">San Jose, Costa Rica : </subfield>
    <subfield code="b">Coordinación Educativa y Cultural Centroamericana CECC/SICA, </subfield>
    <subfield code="c">2009</subfield>
  </datafield>
  <datafield ind1=" " ind2=" " tag="300">
    <subfield code="a">166 páginas</subfield>
  </datafield>
  <datafield tag="490" ind1=" " ind2=" ">
    <subfield code="a">Colección Pedagógica Formación Inicial de Docentes Centroamericanos de Educación Primaria o Básica;</subfield>
    <subfield code="v">43</subfield>
  </datafield>
  <datafield ind2="4" ind1="1" tag="650">
    <subfield code="a">EDUCACIÓN</subfield>
    <subfield code="9">1</subfield>
  </datafield>
  <datafield tag="650" ind1="1" ind2="4">
    <subfield code="a">PROCESO DE APRENDIZAJE</subfield>
    <subfield code="9">1523</subfield>
  </datafield>
  <datafield tag="650" ind1="1" ind2="4">
    <subfield code="a">EDUCACIÓN AMBIENTAL </subfield>
    <subfield code="9">439</subfield>
  </datafield>
  <datafield ind2=" " ind1="1" tag="700">
    <subfield code="a">López Molina, Luis Fernando</subfield>
    <subfield code="9">2638</subfield>
  </datafield>
  <datafield ind1=" " ind2=" " tag="942">
    <subfield code="2">z</subfield>
    <subfield code="c">01</subfield>
  </datafield>
</record>